@misc{windows-overwrite-grub,
    author     = {{Unix \& Linux Stack Exchange}},
    howpublished = {Forum post},
    title      = {{How can I prevent Windows from overwriting GRUB when using a dual-boot machine}},
    year       = {2013},
    note       = {Last accessed 5 June 2024},
    url        = {https://unix.stackexchange.com/questions/68581/how-can-i-prevent-windows-from-overwriting-grub-when-using-a-dual-boot-machine}
}
@misc{BlandManStudios-video,
  author       = {{BlandManStudios}},
  howpublished = {YouTube video},
  title        = {{Single GPU Passthrough Tutorial - KVM/VFIO}},
  year         = {2022},
  note         = {Last accessed 5 June 2024},
  url          = {https://youtu.be/eTWf5D092VY?si=yGFZpSWAFmEnvbBw}
}